@article{ accepteretAfvigelse,
       title = {MRI-Based Attenuation Correction for PET/MRI: A Novel Approach Combining Pattern Recognition and Atlas Registration},
       author = {"Matthias Hofmann" and "Florian Steinke" and "Verena Scheel" and "Guillaume Charpiat" and "Jason Farquhar" and "Philip Aschoff" and "Michael Brady" and "Bernhard Sch√∂lkopf" and "Bernd J. Pichler"},
       year = {2008},
       journal = {J Nucl Med. 2008;49:1875-1883} }